<auditfile xmlns="http://www.auditfiles.nl/XAF/3.1">
<header>
<softwareDesc>osFinancials</softwareDesc>
<softwareVersion>4.0.0.981</softwareVersion>
<fiscalYear>2004</fiscalYear>
<startDate>2015-01-01</startDate>
<endDate>2015-12-31</endDate>
<dateCreated>2015-02-12</dateCreated>
</header>
<company>
<companyIdent>VOORBEELD 20XX</companyIdent>
<taxRegIdent>10.20.30</taxRegIdent>
<companyName>VOORBEELD 20XX</companyName>
<streetAddress>
<streetname>Teststraat 10</streetname>
<city>Den Haag</city>
<postalCode>1234QQ</postalCode>
</streetAddress>
<customersSuppliers>
<customerSupplier>
<custSupID>DCONDEB</custSupID>
<custSupTp>D</custSupTp>
<taxRegIdent></taxRegIdent>
<custSupName>Contanten Debiteur</custSupName>
<contact/>
<streetAddress>
<streetname/>
<city/>
<postalCode/>
<region/>
<country>NL</country>
</streetAddress>
<postalAddress>
<streetname/>
<city/>
<postalCode/>
<region/>
<country>NL</country>
</postalAddress>
<telephone/>
<fax/>
<eMail/>
<commerceNr></commerceNr>
</customerSupplier>
<customerSupplier>
<custSupID>CC000003</custSupID>
<custSupTp>C</custSupTp>
<taxRegIdent></taxRegIdent>
<custSupName>Inkoop</custSupName>
<contact/>
<streetAddress>
<streetname/>
<city/>
<postalCode/>
<region/>
<country>NL</country>
</streetAddress>
<postalAddress>
<streetname>test straat10</streetname>
<city>Amsterdam</city>
<postalCode>1010AA</postalCode>
<region>NH</region>
<country>NL</country>
</postalAddress>
<telephone>020-938764</telephone>
<fax>020-8437459</fax>
<eMail>test@test.nl</eMail>
<commerceNr></commerceNr>
</customerSupplier>
</customersSuppliers>
<generalLedger>
<ledgerAccount>
<accID>0001000</accID>
<accDesc>Terreinen</accDesc>
<accTp>B</accTp>
</ledgerAccount>
<ledgerAccount>
<accID>0010000</accID>
<accDesc>Gebouwen</accDesc>
<accTp>B</accTp>
</ledgerAccount>
<ledgerAccount>
<accID>0011000</accID>
<accDesc>Afschr. gebouwen</accDesc>
<accTp>B</accTp>
</ledgerAccount>
<ledgerAccount>
<accID>0020000</accID>
<accDesc>Verbouwing</accDesc>
<accTp>B</accTp>
</ledgerAccount>
<ledgerAccount>
<accID>0021000</accID>
<accDesc>Afschr. verbouwing</accDesc>
<accTp>B</accTp>
</ledgerAccount>
<ledgerAccount>
<accID>0030000</accID>
<accDesc>Machines</accDesc>
<accTp>B</accTp>
</ledgerAccount>
<ledgerAccount>
<accID>0031000</accID>
<accDesc>Afschr. machines</accDesc>
<accTp>B</accTp>
</ledgerAccount>
<ledgerAccount>
<accID>0040000</accID>
<accDesc>Gereedschap</accDesc>
<accTp>B</accTp>
</ledgerAccount>
<ledgerAccount>
<accID>0041000</accID>
<accDesc>Afschr. gereedschap</accDesc>
<accTp>B</accTp>
</ledgerAccount>
<ledgerAccount>
<accID>0050000</accID>
<accDesc>Inventaris</accDesc>
<accTp>B</accTp>
</ledgerAccount>
<ledgerAccount>
<accID>0051000</accID>
<accDesc>Afschr. inventaris</accDesc>
<accTp>B</accTp>
</ledgerAccount>
<ledgerAccount>
<accID>0052000</accID>
<accDesc>Kantoorinventaris</accDesc>
<accTp>B</accTp>
</ledgerAccount>
<ledgerAccount>
<accID>0053000</accID>
<accDesc>Afschr. kantoorinv.</accDesc>
<accTp>B</accTp>
</ledgerAccount>
<ledgerAccount>
<accID>0060000</accID>
<accDesc>Personenauto's</accDesc>
<accTp>B</accTp>
</ledgerAccount>
<ledgerAccount>
<accID>0063000</accID>
<accDesc>Afschr. pers. auto's</accDesc>
<accTp>B</accTp>
</ledgerAccount>
<ledgerAccount>
<accID>0100000</accID>
<accDesc>Goodwill</accDesc>
<accTp>B</accTp>
</ledgerAccount>
<ledgerAccount>
<accID>0101000</accID>
<accDesc>Afschr. goodwill</accDesc>
<accTp>B</accTp>
</ledgerAccount>
<ledgerAccount>
<accID>0110000</accID>
<accDesc>Aanloopkosten</accDesc>
<accTp>B</accTp>
</ledgerAccount>
<ledgerAccount>
<accID>0111000</accID>
<accDesc>Afschr. aanloopkosten</accDesc>
<accTp>B</accTp>
</ledgerAccount>
<ledgerAccount>
<accID>0200000</accID>
<accDesc>Deelnemingen</accDesc>
<accTp>B</accTp>
</ledgerAccount>
<ledgerAccount>
<accID>0300000</accID>
<accDesc>Leningen u/g</accDesc>
<accTp>B</accTp>
</ledgerAccount>
<ledgerAccount>
<accID>0301000</accID>
<accDesc>Waarborgsommen</accDesc>
<accTp>B</accTp>
</ledgerAccount>
<ledgerAccount>
<accID>0600000</accID>
<accDesc>Kapitaal eigenaar</accDesc>
<accTp>B</accTp>
</ledgerAccount>
<ledgerAccount>
<accID>0650000</accID>
<accDesc>Saldo winst</accDesc>
<accTp>B</accTp>
</ledgerAccount>
<ledgerAccount>
<accID>0700000</accID>
<accDesc>Prive eigenaar</accDesc>
<accTp>B</accTp>
</ledgerAccount>
<ledgerAccount>
<accID>0701000</accID>
<accDesc>Prive belastingen</accDesc>
<accTp>B</accTp>
</ledgerAccount>
<ledgerAccount>
<accID>0702000</accID>
<accDesc>Pensioenvoorziening</accDesc>
<accTp>B</accTp>
</ledgerAccount>
<ledgerAccount>
<accID>0703000</accID>
<accDesc>Ziektekosten</accDesc>
<accTp>B</accTp>
</ledgerAccount>
<ledgerAccount>
<accID>0704000</accID>
<accDesc>Verzekeringen prive</accDesc>
<accTp>B</accTp>
</ledgerAccount>
<ledgerAccount>
<accID>0705000</accID>
<accDesc>Autokosten prive</accDesc>
<accTp>B</accTp>
</ledgerAccount>
<ledgerAccount>
<accID>0710000</accID>
<accDesc>Diverse prive betalingen</accDesc>
<accTp>B</accTp>
</ledgerAccount>
<ledgerAccount>
<accID>0750000</accID>
<accDesc>Prive-stortingen</accDesc>
<accTp>B</accTp>
</ledgerAccount>
<ledgerAccount>
<accID>0799000</accID>
<accDesc>Prive-gebruik</accDesc>
<accTp>B</accTp>
</ledgerAccount>
<ledgerAccount>
<accID>0800000</accID>
<accDesc>Obligaties</accDesc>
<accTp>B</accTp>
</ledgerAccount>
<ledgerAccount>
<accID>0810000</accID>
<accDesc>Lening o/g</accDesc>
<accTp>B</accTp>
</ledgerAccount>
<ledgerAccount>
<accID>0820000</accID>
<accDesc>Hypotheek o/g</accDesc>
<accTp>B</accTp>
</ledgerAccount>
<ledgerAccount>
<accID>0830000</accID>
<accDesc>Huurkoopverpl.</accDesc>
<accTp>B</accTp>
</ledgerAccount>
<ledgerAccount>
<accID>0840000</accID>
<accDesc>Leaseverpl.</accDesc>
<accTp>B</accTp>
</ledgerAccount>
<ledgerAccount>
<accID>1000000</accID>
<accDesc>Liquide Hoofdgroep</accDesc>
<accTp>B</accTp>
</ledgerAccount>
<ledgerAccount>
<accID>1000001</accID>
<accDesc>Postbank</accDesc>
<accTp>B</accTp>
</ledgerAccount>
<ledgerAccount>
<accID>1000002</accID>
<accDesc>Kas</accDesc>
<accTp>B</accTp>
</ledgerAccount>
<ledgerAccount>
<accID>1000003</accID>
<accDesc>Bankrekening</accDesc>
<accTp>B</accTp>
</ledgerAccount>
<ledgerAccount>
<accID>1000004</accID>
<accDesc>Girorekening</accDesc>
<accTp>B</accTp>
</ledgerAccount>
<ledgerAccount>
<accID>1000010</accID>
<accDesc>Kasregister</accDesc>
<accTp>B</accTp>
</ledgerAccount>
<ledgerAccount>
<accID>1100000</accID>
<accDesc>Voorschotten pers.</accDesc>
<accTp>B</accTp>
</ledgerAccount>
<ledgerAccount>
<accID>1110000</accID>
<accDesc>Onderh. werk</accDesc>
<accTp>B</accTp>
</ledgerAccount>
<ledgerAccount>
<accID>1111000</accID>
<accDesc>Term onderh. werk</accDesc>
<accTp>B</accTp>
</ledgerAccount>
<ledgerAccount>
<accID>1130000</accID>
<accDesc>Vooruitontv/te bet.</accDesc>
<accTp>B</accTp>
</ledgerAccount>
<ledgerAccount>
<accID>1150000</accID>
<accDesc>Debiteuren beheer</accDesc>
<accTp>B</accTp>
</ledgerAccount>
<ledgerAccount>
<accID>1200000</accID>
<accDesc>BTW Hoofdrekening</accDesc>
<accTp>B</accTp>
</ledgerAccount>
<ledgerAccount>
<accID>1200001</accID>
<accDesc>6% Inkoop BTW</accDesc>
<accTp>B</accTp>
</ledgerAccount>
<ledgerAccount>
<accID>1200002</accID>
<accDesc>6% Verkoop BTW</accDesc>
<accTp>B</accTp>
</ledgerAccount>
<ledgerAccount>
<accID>1200003</accID>
<accDesc>21% Verkoop BTW</accDesc>
<accTp>B</accTp>
</ledgerAccount>
<ledgerAccount>
<accID>1200004</accID>
<accDesc>21% Inkoop BTW</accDesc>
<accTp>B</accTp>
</ledgerAccount>
<ledgerAccount>
<accID>1200005</accID>
<accDesc>0% Verkoop BTW</accDesc>
<accTp>B</accTp>
</ledgerAccount>
<ledgerAccount>
<accID>1200006</accID>
<accDesc>0% Inkoop BTW</accDesc>
<accTp>B</accTp>
</ledgerAccount>
<ledgerAccount>
<accID>1200010</accID>
<accDesc>BTW Binnen EU Te betalen</accDesc>
<accTp>B</accTp>
</ledgerAccount>
<ledgerAccount>
<accID>1200020</accID>
<accDesc>BTW Binnen EU te verekenen</accDesc>
<accTp>B</accTp>
</ledgerAccount>
<ledgerAccount>
<accID>1200100</accID>
<accDesc>Afdrachten BTW</accDesc>
<accTp>B</accTp>
</ledgerAccount>
<ledgerAccount>
<accID>1295000</accID>
<accDesc>BTW Vorige jaren</accDesc>
<accTp>B</accTp>
</ledgerAccount>
<ledgerAccount>
<accID>1300000</accID>
<accDesc>Loonheffingen</accDesc>
<accTp>B</accTp>
</ledgerAccount>
<ledgerAccount>
<accID>1390000</accID>
<accDesc>Afdrachten loonbel.</accDesc>
<accTp>B</accTp>
</ledgerAccount>
<ledgerAccount>
<accID>1400000</accID>
<accDesc>Soc. lasten</accDesc>
<accTp>B</accTp>
</ledgerAccount>
<ledgerAccount>
<accID>1490000</accID>
<accDesc>Afdracht bedr. ver</accDesc>
<accTp>B</accTp>
</ledgerAccount>
<ledgerAccount>
<accID>1520000</accID>
<accDesc>Tantiemes</accDesc>
<accTp>B</accTp>
</ledgerAccount>
<ledgerAccount>
<accID>1530000</accID>
<accDesc>Vak. geld reserve</accDesc>
<accTp>B</accTp>
</ledgerAccount>
<ledgerAccount>
<accID>1540000</accID>
<accDesc>Pensioenpremie</accDesc>
<accTp>B</accTp>
</ledgerAccount>
<ledgerAccount>
<accID>1590000</accID>
<accDesc>Vooruitbet / te ontv.</accDesc>
<accTp>B</accTp>
</ledgerAccount>
<ledgerAccount>
<accID>1600000</accID>
<accDesc>Crediteuren beheer</accDesc>
<accTp>B</accTp>
</ledgerAccount>
<ledgerAccount>
<accID>2000000</accID>
<accDesc>Kruisposten</accDesc>
<accTp>B</accTp>
</ledgerAccount>
<ledgerAccount>
<accID>2010000</accID>
<accDesc>Netto lonen</accDesc>
<accTp>B</accTp>
</ledgerAccount>
<ledgerAccount>
<accID>2020000</accID>
<accDesc>Stortingen onderweg</accDesc>
<accTp>B</accTp>
</ledgerAccount>
<ledgerAccount>
<accID>2030000</accID>
<accDesc>Tussenrekening</accDesc>
<accTp>B</accTp>
</ledgerAccount>
<ledgerAccount>
<accID>2031000</accID>
<accDesc>Verschil beginbalans</accDesc>
<accTp>B</accTp>
</ledgerAccount>
<ledgerAccount>
<accID>2032000</accID>
<accDesc>Verschil inkopen</accDesc>
<accTp>B</accTp>
</ledgerAccount>
<ledgerAccount>
<accID>2033000</accID>
<accDesc>Verschil verkopen</accDesc>
<accTp>B</accTp>
</ledgerAccount>
<ledgerAccount>
<accID>2035000</accID>
<accDesc>Tussenrekening afschrijvingen</accDesc>
<accTp>B</accTp>
</ledgerAccount>
<ledgerAccount>
<accID>2039000</accID>
<accDesc>Verschil memoriaal</accDesc>
<accTp>B</accTp>
</ledgerAccount>
<ledgerAccount>
<accID>2050000</accID>
<accDesc>Verschil verzamel</accDesc>
<accTp>B</accTp>
</ledgerAccount>
<ledgerAccount>
<accID>3000000</accID>
<accDesc>Voorraad goederen</accDesc>
<accTp>B</accTp>
</ledgerAccount>
<ledgerAccount>
<accID>3010000</accID>
<accDesc>Voorraad grondstoffen</accDesc>
<accTp>B</accTp>
</ledgerAccount>
<ledgerAccount>
<accID>3020000</accID>
<accDesc>Voorraad emballage</accDesc>
<accTp>B</accTp>
</ledgerAccount>
<ledgerAccount>
<accID>4000000</accID>
<accDesc>Bruto lonen</accDesc>
<accTp>P</accTp>
</ledgerAccount>
<ledgerAccount>
<accID>4001000</accID>
<accDesc>Vakantiegeld</accDesc>
<accTp>P</accTp>
</ledgerAccount>
<ledgerAccount>
<accID>4002000</accID>
<accDesc>Vakantiebonnen</accDesc>
<accTp>P</accTp>
</ledgerAccount>
<ledgerAccount>
<accID>4003000</accID>
<accDesc>Gratificaties</accDesc>
<accTp>P</accTp>
</ledgerAccount>
<ledgerAccount>
<accID>4004000</accID>
<accDesc>Tantiemes</accDesc>
<accTp>P</accTp>
</ledgerAccount>
<ledgerAccount>
<accID>4005000</accID>
<accDesc>Provisies</accDesc>
<accTp>P</accTp>
</ledgerAccount>
<ledgerAccount>
<accID>4010000</accID>
<accDesc>Ontv. ziekengeld</accDesc>
<accTp>P</accTp>
</ledgerAccount>
<ledgerAccount>
<accID>4011000</accID>
<accDesc>Ontv. vorstverlet</accDesc>
<accTp>P</accTp>
</ledgerAccount>
<ledgerAccount>
<accID>4020000</accID>
<accDesc>Soc. lstn. bedr. ver</accDesc>
<accTp>P</accTp>
</ledgerAccount>
<ledgerAccount>
<accID>4021000</accID>
<accDesc>Overhevelingstoeslag</accDesc>
<accTp>P</accTp>
</ledgerAccount>
<ledgerAccount>
<accID>4022000</accID>
<accDesc>Pensioenpremie</accDesc>
<accTp>P</accTp>
</ledgerAccount>
<ledgerAccount>
<accID>4029000</accID>
<accDesc>Inhouding soc. lstn.</accDesc>
<accTp>P</accTp>
</ledgerAccount>
<ledgerAccount>
<accID>4040000</accID>
<accDesc>Kantinekosten</accDesc>
<accTp>P</accTp>
</ledgerAccount>
<ledgerAccount>
<accID>4041000</accID>
<accDesc>Reis- verblijfkosten</accDesc>
<accTp>P</accTp>
</ledgerAccount>
<ledgerAccount>
<accID>4042000</accID>
<accDesc>Bedrijfskleding</accDesc>
<accTp>P</accTp>
</ledgerAccount>
<ledgerAccount>
<accID>4043000</accID>
<accDesc>Gereedschapsgeld</accDesc>
<accTp>P</accTp>
</ledgerAccount>
<ledgerAccount>
<accID>4044000</accID>
<accDesc>Autokostenvergoeding</accDesc>
<accTp>P</accTp>
</ledgerAccount>
<ledgerAccount>
<accID>4045000</accID>
<accDesc>Onkostenvergoeding</accDesc>
<accTp>P</accTp>
</ledgerAccount>
<ledgerAccount>
<accID>4046000</accID>
<accDesc>Studiekosten</accDesc>
<accTp>P</accTp>
</ledgerAccount>
<ledgerAccount>
<accID>4047000</accID>
<accDesc>Belastingvrije uitk.</accDesc>
<accTp>P</accTp>
</ledgerAccount>
<ledgerAccount>
<accID>4049000</accID>
<accDesc>Div. personeelskstn.</accDesc>
<accTp>P</accTp>
</ledgerAccount>
<ledgerAccount>
<accID>4100000</accID>
<accDesc>Huur</accDesc>
<accTp>P</accTp>
</ledgerAccount>
<ledgerAccount>
<accID>4101000</accID>
<accDesc>Onroerende. zaakbelasting</accDesc>
<accTp>P</accTp>
</ledgerAccount>
<ledgerAccount>
<accID>4102000</accID>
<accDesc>Verz. premie onr. zaak.</accDesc>
<accTp>P</accTp>
</ledgerAccount>
<ledgerAccount>
<accID>4103000</accID>
<accDesc>Onderhoud onr. zaak</accDesc>
<accTp>P</accTp>
</ledgerAccount>
<ledgerAccount>
<accID>4104000</accID>
<accDesc>Onderhoud inventaris</accDesc>
<accTp>P</accTp>
</ledgerAccount>
<ledgerAccount>
<accID>4105000</accID>
<accDesc>Gas licht water</accDesc>
<accTp>P</accTp>
</ledgerAccount>
<ledgerAccount>
<accID>4106000</accID>
<accDesc>Schoonmaakkosten</accDesc>
<accTp>P</accTp>
</ledgerAccount>
<ledgerAccount>
<accID>4190000</accID>
<accDesc>Div. huisvestingskosten</accDesc>
<accTp>P</accTp>
</ledgerAccount>
<ledgerAccount>
<accID>4200000</accID>
<accDesc>Huur machines</accDesc>
<accTp>P</accTp>
</ledgerAccount>
<ledgerAccount>
<accID>4201000</accID>
<accDesc>Leasekosten machines</accDesc>
<accTp>P</accTp>
</ledgerAccount>
<ledgerAccount>
<accID>4202000</accID>
<accDesc>Rep/onderh. machines</accDesc>
<accTp>P</accTp>
</ledgerAccount>
<ledgerAccount>
<accID>4203000</accID>
<accDesc>Verz. premie machines</accDesc>
<accTp>P</accTp>
</ledgerAccount>
<ledgerAccount>
<accID>4290000</accID>
<accDesc>Div. machinekosten</accDesc>
<accTp>P</accTp>
</ledgerAccount>
<ledgerAccount>
<accID>4300000</accID>
<accDesc>Kantoorbenodigheden</accDesc>
<accTp>P</accTp>
</ledgerAccount>
<ledgerAccount>
<accID>4301000</accID>
<accDesc>Contr./Abonnementen</accDesc>
<accTp>P</accTp>
</ledgerAccount>
<ledgerAccount>
<accID>4302000</accID>
<accDesc>Porti</accDesc>
<accTp>P</accTp>
</ledgerAccount>
<ledgerAccount>
<accID>4303000</accID>
<accDesc>Telefoon</accDesc>
<accTp>P</accTp>
</ledgerAccount>
<ledgerAccount>
<accID>4304000</accID>
<accDesc>Fax/ e-mail</accDesc>
<accTp>P</accTp>
</ledgerAccount>
<ledgerAccount>
<accID>4305000</accID>
<accDesc>Administratiekosten</accDesc>
<accTp>P</accTp>
</ledgerAccount>
<ledgerAccount>
<accID>4306000</accID>
<accDesc>Rep. onderh. knt. inv.</accDesc>
<accTp>P</accTp>
</ledgerAccount>
<ledgerAccount>
<accID>4307000</accID>
<accDesc>Drukwerk</accDesc>
<accTp>P</accTp>
</ledgerAccount>
<ledgerAccount>
<accID>4308000</accID>
<accDesc>Vakliteratuur</accDesc>
<accTp>P</accTp>
</ledgerAccount>
<ledgerAccount>
<accID>4390000</accID>
<accDesc>Div. kantoorkosten</accDesc>
<accTp>P</accTp>
</ledgerAccount>
<ledgerAccount>
<accID>4400000</accID>
<accDesc>Benzine</accDesc>
<accTp>P</accTp>
</ledgerAccount>
<ledgerAccount>
<accID>4401000</accID>
<accDesc>Rep./onderhoud auto's</accDesc>
<accTp>P</accTp>
</ledgerAccount>
<ledgerAccount>
<accID>4402000</accID>
<accDesc>Verz. premie auto's</accDesc>
<accTp>P</accTp>
</ledgerAccount>
<ledgerAccount>
<accID>4403000</accID>
<accDesc>Motorrijtuigenbelasting</accDesc>
<accTp>P</accTp>
</ledgerAccount>
<ledgerAccount>
<accID>4404000</accID>
<accDesc>Leasekosten auto's</accDesc>
<accTp>P</accTp>
</ledgerAccount>
<ledgerAccount>
<accID>4490000</accID>
<accDesc>Div. autokosten</accDesc>
<accTp>P</accTp>
</ledgerAccount>
<ledgerAccount>
<accID>4500000</accID>
<accDesc>Reclame</accDesc>
<accTp>P</accTp>
</ledgerAccount>
<ledgerAccount>
<accID>4501000</accID>
<accDesc>Advertentiekosten</accDesc>
<accTp>P</accTp>
</ledgerAccount>
<ledgerAccount>
<accID>4502000</accID>
<accDesc>Incassokosten</accDesc>
<accTp>P</accTp>
</ledgerAccount>
<ledgerAccount>
<accID>4503000</accID>
<accDesc>Representatiekosten</accDesc>
<accTp>P</accTp>
</ledgerAccount>
<ledgerAccount>
<accID>4504000</accID>
<accDesc>Uitgaande vrachten</accDesc>
<accTp>P</accTp>
</ledgerAccount>
<ledgerAccount>
<accID>4505000</accID>
<accDesc>Beurskosten</accDesc>
<accTp>P</accTp>
</ledgerAccount>
<ledgerAccount>
<accID>4506000</accID>
<accDesc>Verpakkingsmateriaal</accDesc>
<accTp>P</accTp>
</ledgerAccount>
<ledgerAccount>
<accID>4507000</accID>
<accDesc>Verkoopprovisie</accDesc>
<accTp>P</accTp>
</ledgerAccount>
<ledgerAccount>
<accID>4590000</accID>
<accDesc>Div. verkoopkosten</accDesc>
<accTp>P</accTp>
</ledgerAccount>
<ledgerAccount>
<accID>4600000</accID>
<accDesc>Hypotheek rente</accDesc>
<accTp>P</accTp>
</ledgerAccount>
<ledgerAccount>
<accID>4601000</accID>
<accDesc>Rente lening o/g</accDesc>
<accTp>P</accTp>
</ledgerAccount>
<ledgerAccount>
<accID>4610000</accID>
<accDesc>Bankrente</accDesc>
<accTp>P</accTp>
</ledgerAccount>
<ledgerAccount>
<accID>4700000</accID>
<accDesc>Bankkosten</accDesc>
<accTp>P</accTp>
</ledgerAccount>
<ledgerAccount>
<accID>4710000</accID>
<accDesc>Kleine aanschaffingen</accDesc>
<accTp>P</accTp>
</ledgerAccount>
<ledgerAccount>
<accID>4720000</accID>
<accDesc>Accounts/advieskstn</accDesc>
<accTp>P</accTp>
</ledgerAccount>
<ledgerAccount>
<accID>4730000</accID>
<accDesc>Precario</accDesc>
<accTp>P</accTp>
</ledgerAccount>
<ledgerAccount>
<accID>4740000</accID>
<accDesc>Alg. verz. premies</accDesc>
<accTp>P</accTp>
</ledgerAccount>
<ledgerAccount>
<accID>4750000</accID>
<accDesc>Aanloopkosten</accDesc>
<accTp>P</accTp>
</ledgerAccount>
<ledgerAccount>
<accID>4760000</accID>
<accDesc>Cursussen/opleiding</accDesc>
<accTp>P</accTp>
</ledgerAccount>
<ledgerAccount>
<accID>4770000</accID>
<accDesc>Beroepskleding</accDesc>
<accTp>P</accTp>
</ledgerAccount>
<ledgerAccount>
<accID>4790000</accID>
<accDesc>Div. algemene kosten</accDesc>
<accTp>P</accTp>
</ledgerAccount>
<ledgerAccount>
<accID>4800000</accID>
<accDesc>Afschr.gebouw</accDesc>
<accTp>P</accTp>
</ledgerAccount>
<ledgerAccount>
<accID>4810000</accID>
<accDesc>Afschr. verbouwing</accDesc>
<accTp>P</accTp>
</ledgerAccount>
<ledgerAccount>
<accID>4820000</accID>
<accDesc>Afschr. machines</accDesc>
<accTp>P</accTp>
</ledgerAccount>
<ledgerAccount>
<accID>4840000</accID>
<accDesc>Afschr. inventaris</accDesc>
<accTp>P</accTp>
</ledgerAccount>
<ledgerAccount>
<accID>4850000</accID>
<accDesc>Afschr. knt. invent</accDesc>
<accTp>P</accTp>
</ledgerAccount>
<ledgerAccount>
<accID>4860000</accID>
<accDesc>Afschr. pers auto's</accDesc>
<accTp>P</accTp>
</ledgerAccount>
<ledgerAccount>
<accID>4870000</accID>
<accDesc>Afschr. bedr. auto's</accDesc>
<accTp>P</accTp>
</ledgerAccount>
<ledgerAccount>
<accID>4880000</accID>
<accDesc>Afschr. goodwill</accDesc>
<accTp>P</accTp>
</ledgerAccount>
<ledgerAccount>
<accID>4890000</accID>
<accDesc>Afschr. aanloopkstn</accDesc>
<accTp>P</accTp>
</ledgerAccount>
<ledgerAccount>
<accID>4895000</accID>
<accDesc>Afschr. dub. debit.</accDesc>
<accTp>P</accTp>
</ledgerAccount>
<ledgerAccount>
<accID>7000000</accID>
<accDesc>Kostprijs verkopen 0%</accDesc>
<accTp>P</accTp>
</ledgerAccount>
<ledgerAccount>
<accID>7010000</accID>
<accDesc>Kostprijs verkopen 6%</accDesc>
<accTp>P</accTp>
</ledgerAccount>
<ledgerAccount>
<accID>7020000</accID>
<accDesc>Kostprijs verkopen 21%</accDesc>
<accTp>P</accTp>
</ledgerAccount>
<ledgerAccount>
<accID>8000000</accID>
<accDesc>Opbrengst verkopen 0 %</accDesc>
<accTp>P</accTp>
</ledgerAccount>
<ledgerAccount>
<accID>8010000</accID>
<accDesc>Opbrengst verkopen 6 %</accDesc>
<accTp>P</accTp>
</ledgerAccount>
<ledgerAccount>
<accID>8020000</accID>
<accDesc>Opbrengst verkopen 21 %</accDesc>
<accTp>P</accTp>
</ledgerAccount>
<ledgerAccount>
<accID>8030000</accID>
<accDesc>Opbrengst verkopen uitvoer</accDesc>
<accTp>P</accTp>
</ledgerAccount>
<ledgerAccount>
<accID>8080000</accID>
<accDesc>Omzetbonussen deb.</accDesc>
<accTp>P</accTp>
</ledgerAccount>
<ledgerAccount>
<accID>8090000</accID>
<accDesc>Betalingskorting deb.</accDesc>
<accTp>P</accTp>
</ledgerAccount>
<ledgerAccount>
<accID>9000000</accID>
<accDesc>Ontvange rente</accDesc>
<accTp>P</accTp>
</ledgerAccount>
<ledgerAccount>
<accID>9010000</accID>
<accDesc>Bijzondere baten</accDesc>
<accTp>P</accTp>
</ledgerAccount>
<ledgerAccount>
<accID>9020000</accID>
<accDesc>Bijzondere lasten</accDesc>
<accTp>P</accTp>
</ledgerAccount>
<ledgerAccount>
<accID>9999000</accID>
<accDesc>Resultaat boekjaar</accDesc>
<accTp>B</accTp>
</ledgerAccount>
</generalLedger>
<vatCodes>
<vatCode>
<vatID>1200001</vatID>
<vatDesc>6% Inkoop BTW</vatDesc>
<vatToPayAccID>1200001</vatToPayAccID>
<vatToClaimAccID>1200001</vatToClaimAccID>
</vatCode>
<vatCode>
<vatID>1200002</vatID>
<vatDesc>6% Verkoop BTW</vatDesc>
<vatToPayAccID>1200002</vatToPayAccID>
<vatToClaimAccID>1200002</vatToClaimAccID>
</vatCode>
<vatCode>
<vatID>1200003</vatID>
<vatDesc>21% Verkoop BTW</vatDesc>
<vatToPayAccID>1200003</vatToPayAccID>
<vatToClaimAccID>1200003</vatToClaimAccID>
</vatCode>
<vatCode>
<vatID>1200004</vatID>
<vatDesc>21% Inkoop BTW</vatDesc>
<vatToPayAccID>1200004</vatToPayAccID>
<vatToClaimAccID>1200004</vatToClaimAccID>
</vatCode>
<vatCode>
<vatID>1200005</vatID>
<vatDesc>0% Verkoop BTW</vatDesc>
<vatToPayAccID>1200005</vatToPayAccID>
<vatToClaimAccID>1200005</vatToClaimAccID>
</vatCode>
<vatCode>
<vatID>1200006</vatID>
<vatDesc>0% Inkoop BTW</vatDesc>
<vatToPayAccID>1200006</vatToPayAccID>
<vatToClaimAccID>1200006</vatToClaimAccID>
</vatCode>
<vatCode>
<vatID>1200010</vatID>
<vatDesc>BTW Binnen EU Te betalen</vatDesc>
<vatToPayAccID>1200010</vatToPayAccID>
<vatToClaimAccID>1200010</vatToClaimAccID>
</vatCode>
<vatCode>
<vatID>1200020</vatID>
<vatDesc>BTW Binnen EU te verekenen</vatDesc>
<vatToPayAccID>1200020</vatToPayAccID>
<vatToClaimAccID>1200020</vatToClaimAccID>
</vatCode>
</vatCodes>
<openingBalance>
<opBalDate>2015-01-01</opBalDate>
<totalDebit>0</totalDebit>
<totalCredit>0</totalCredit>
<obLine>
<nr>1</nr>
<accID>1600000</accID>
<amnt>0</amnt>
</obLine>
<obLine>
<nr>2</nr>
<accID>1150000</accID>
<amnt>0</amnt>
</obLine>
</openingBalance>
<transactions>
<journal>
<jrnID>3</jrnID>
<desc>Verkopen</desc>
<jrnTp>Z</jrnTp>
<transaction>
<nr>20150212</nr>
<desc>Batch 2015 02 12</desc>
<periodNumber>2</periodNumber>
<trDt>2015-02-12</trDt>
<sourceID>osFinancials</sourceID>
<trLine>
<nr>280</nr>
<projID/>
<accID>1200003</accID>
<effDate>2015-02-12</effDate>
<desc>FA000001 Factuur /FA000001</desc>
<amnt>210</amnt>
<amntTp>C</amntTp>
<custSupID/>
</trLine>
<trLine>
<nr>281</nr>
<projID/>
<accID>8020000</accID>
<effDate>2015-02-12</effDate>
<desc>FA000001 FA000001/</desc>
<amnt>1000</amnt>
<amntTp>C</amntTp>
<custSupID/>
</trLine>
<trLine>
<nr>282</nr>
<projID/>
<accID>1150000</accID>
<effDate>2015-02-12</effDate>
<desc>FA000001 Factuur /FA000001</desc>
<custSupID>DCONDEB</custSupID>
<amnt>1210</amnt>
<amntTp>D</amntTp>
</trLine>
</transaction>
</journal>
<journal>
<jrnID>14</jrnID>
<desc>Inkoop</desc>
<jrnTp>Z</jrnTp>
<transaction>
<nr>20150212</nr>
<desc>Batch 2015 02 12</desc>
<periodNumber>2</periodNumber>
<trDt>2015-02-12</trDt>
<sourceID>osFinancials</sourceID>
<trLine>
<nr>283</nr>
<projID/>
<accID>1200004</accID>
<effDate>2015-02-12</effDate>
<desc>KA000001 Inkopen /KA000001</desc>
<amnt>105</amnt>
<amntTp>D</amntTp>
<custSupID/>
</trLine>
<trLine>
<nr>284</nr>
<projID/>
<accID>3000000</accID>
<effDate>2015-02-12</effDate>
<desc>KA000001 KA000001/</desc>
<amnt>500</amnt>
<amntTp>D</amntTp>
<custSupID/>
</trLine>
<trLine>
<nr>285</nr>
<projID/>
<accID>1600000</accID>
<effDate>2015-02-12</effDate>
<desc>KA000001 Inkopen /KA000001</desc>
<custSupID>CC000003</custSupID>
<amnt>605</amnt>
<amntTp>C</amntTp>
</trLine>
</transaction>
</journal>
<journal>
<jrnID>4</jrnID>
<desc>Kasboek</desc>
<jrnTp>B</jrnTp>
<transaction>
<nr>20150212</nr>
<desc>Batch 2015 02 12</desc>
<periodNumber>2</periodNumber>
<trDt>2015-02-12</trDt>
<sourceID>osFinancials</sourceID>
<trLine>
<nr>286</nr>
<projID/>
<accID>1150000</accID>
<effDate>2015-02-12</effDate>
<desc>FA000001 betaling debiteur</desc>
<custSupID>DCONDEB</custSupID>
<amnt>1210</amnt>
<amntTp>C</amntTp>
</trLine>
<trLine>
<nr>287</nr>
<projID/>
<accID>1600000</accID>
<effDate>2015-02-12</effDate>
<desc>KA000001 betaling crediteur</desc>
<custSupID>CC000003</custSupID>
<amnt>605</amnt>
<amntTp>D</amntTp>
</trLine>
<trLine>
<nr>288</nr>
<projID/>
<accID>1000002</accID>
<effDate>2015-02-12</effDate>
<desc>FA000001 betaling debiteur</desc>
<amnt>1210</amnt>
<amntTp>D</amntTp>
<custSupID/>
</trLine>
<trLine>
<nr>289</nr>
<projID/>
<accID>1000002</accID>
<effDate>2015-02-12</effDate>
<desc>KA000001 betaling crediteur</desc>
<amnt>605</amnt>
<amntTp>C</amntTp>
<custSupID/>
</trLine>
</transaction>
</journal>
<linesCount>10</linesCount>
<totalDebit>3630</totalDebit>
<totalCredit>3630</totalCredit>
</transactions>
</company>
</auditfile>